@article{zinkevich2007regret,
  title={Regret minimization in games with incomplete information},
  author={Zinkevich, Martin and Johanson, Michael and Bowling, Michael and Piccione, Carmelo},
  journal={Advances in neural information processing systems},
  volume={20},
  year={2007}
}

@article{nash1950equilibrium,
  title={Equilibrium points in n-person games},
  author={Nash Jr, John F},
  journal={Proceedings of the national academy of sciences},
  volume={36},
  number={1},
  pages={48--49},
  year={1950},
  publisher={national academy of sciences}
}

@article{tammelin2014solving,
  title={Solving large imperfect information games using CFR+},
  author={Tammelin, Oskari},
  journal={arXiv preprint arXiv:1407.5042},
  year={2014}
}